@article{gabitto2024,
	title = {Integrated multimodal cell atlas of Alzheimer{\textquoteright}s disease},
	author = {Gabitto, Mariano I. and Travaglini, Kyle J. and Rachleff, Victoria M. and Kaplan, Eitan S. and Long, Brian and Ariza, Jeanelle and Ding, Yi and Mahoney, Joseph T. and Dee, Nick and Goldy, Jeff and Melief, Erica J. and Agrawal, Anamika and Kana, Omar and Zhen, Xingjian and Barlow, Samuel T. and Brouner, Krissy and Campos, Jazmin and Campos, John and Carr, Ambrose J. and Casper, Tamara and Chakrabarty, Rushil and Clark, Michael and Cool, Jonah and Dalley, Rachel and Darvas, Martin and Ding, Song-Lin and Dolbeare, Tim and Egdorf, Tom and Esposito, Luke and Ferrer, Rebecca and Fleckenstein, Lynn E. and Gala, Rohan and Gary, Amanda and Gelfand, Emily and Gloe, Jessica and Guilford, Nathan and Guzman, Junitta and Hirschstein, Daniel and Ho, Windy and Hupp, Madison and Jarsky, Tim and Johansen, Nelson and Kalmbach, Brian E. and Keene, Lisa M. and Khawand, Sarah and Kilgore, Mitchell D. and Kirkland, Amanda and Kunst, Michael and Lee, Brian R. and Leytze, Mckaila and Mac Donald, Christine L. and Malone, Jocelin and Maltzer, Zoe and Martin, Naomi and McCue, Rachel and McMillen, Delissa and Mena, Gonzalo and Meyerdierks, Emma and Meyers, Kelly P. and Mollenkopf, Tyler and Montine, Mark and Nolan, Amber L. and Nyhus, Julie K. and Olsen, Paul A. and Pacleb, Maiya and Pagan, Chelsea M. and {Peña}, Nicholas and Pham, Trangthanh and Pom, Christina Alice and Postupna, Nadia and Rimorin, Christine and Ruiz, Augustin and Saldi, Giuseppe A. and Schantz, Aimee M. and Shapovalova, Nadiya V. and Sorensen, Staci A. and Staats, Brian and Sullivan, Matt and Sunkin, Susan M. and Thompson, Carol and Tieu, Michael and Ting, Jonathan T. and Torkelson, Amy and Tran, Tracy and Valera Cuevas, Nasmil J. and Walling-Bell, Sarah and Wang, Ming-Qiang and Waters, Jack and Wilson, Angela M. and Xiao, Ming and Haynor, David and Gatto, Nicole M. and Jayadev, Suman and Mufti, Shoaib and Ng, Lydia and Mukherjee, Shubhabrata and Crane, Paul K. and Latimer, Caitlin S. and Levi, Boaz P. and Smith, Kimberly A. and Close, Jennie L. and Miller, Jeremy A. and Hodge, Rebecca D. and Larson, Eric B. and Grabowski, Thomas J. and Hawrylycz, Michael and Keene, C. Dirk and Lein, Ed S.},
	year = {2024},
	month = {12},
	date = {2024-12},
	journal = {Nature Neuroscience},
	pages = {2366--2383},
	volume = {27},
	number = {12},
	doi = {10.1038/s41593-024-01774-5},
	url = {https://www.nature.com/articles/s41593-024-01774-5},
	note = {Publisher: Nature Publishing Group},
	langid = {en}
}

@article{mrdjen2025,
	title = {Spatial proteomics of Alzheimer{\textquoteright}s disease-specific human microglial states},
	author = {Mrdjen, Dunja and Cannon, Bryan J. and Amouzgar, Meelad and Kim, YeEun and Liu, Candace and Vijayaragavan, Kausalia and Camacho, Christine and Spence, Angie and McCaffrey, Erin F. and Bharadwaj, Anusha and Tebaykin, Dmitry and Bukhari, Syed and Bosse, Marc and Hartmann, Felix J. and Kagel, Adam and Oliveria, John Paul and Yakabi, Koya and Serrano, Geidy E. and Corrada, Maria M. and Kawas, Claudia H. and Tibshirani, Robert and Beach, Thomas G. and Corces, M. Ryan and Greenleaf, Will and Angelo, R. Michael and Montine, Thomas and Bendall, Sean C.},
	year = {2025},
	month = {08},
	date = {2025-08},
	journal = {Nature Immunology},
	pages = {1397--1410},
	volume = {26},
	number = {8},
	doi = {10.1038/s41590-025-02203-w},
	url = {https://www.nature.com/articles/s41590-025-02203-w},
	note = {Publisher: Nature Publishing Group},
	langid = {en}
}

@article{thapa2025,
	title = {Distinct inflammatory profiles in young-onset versus late-onset Alzheimer's disease},
	author = {Thapa, Simrika and Anastassiadis, Chloe and Vasilevskaya, Anna and Taghdiri, Foad and Jurisica, Igor and Hadian, Mohsen and Salwierz, Patrick and Robbani, Faiza and {Kivisäkk}, Pia and Hyman, Bradley and Arnold, Steven E. and Ingelsson, Martin and Haas, Wilhelm and Lozano, Andres M. and Tang-Wai, David F. and Tartaglia, Maria Carmela},
	year = {2025},
	date = {2025},
	journal = {Alzheimer's & Dementia},
	pages = {e70509},
	volume = {21},
	number = {7},
	doi = {10.1002/alz.70509},
	url = {https://onlinelibrary.wiley.com/doi/abs/10.1002/alz.70509},
	note = {{\_}eprint: https://alz-journals.onlinelibrary.wiley.com/doi/pdf/10.1002/alz.70509},
	langid = {en}
}

@article{gabitto2024,
	title = {Integrated multimodal cell atlas of Alzheimer{\textquoteright}s disease},
	author = {Gabitto, Mariano I. and Travaglini, Kyle J. and Rachleff, Victoria M. and Kaplan, Eitan S. and Long, Brian and Ariza, Jeanelle and Ding, Yi and Mahoney, Joseph T. and Dee, Nick and Goldy, Jeff and Melief, Erica J. and Agrawal, Anamika and Kana, Omar and Zhen, Xingjian and Barlow, Samuel T. and Brouner, Krissy and Campos, Jazmin and Campos, John and Carr, Ambrose J. and Casper, Tamara and Chakrabarty, Rushil and Clark, Michael and Cool, Jonah and Dalley, Rachel and Darvas, Martin and Ding, Song-Lin and Dolbeare, Tim and Egdorf, Tom and Esposito, Luke and Ferrer, Rebecca and Fleckenstein, Lynn E. and Gala, Rohan and Gary, Amanda and Gelfand, Emily and Gloe, Jessica and Guilford, Nathan and Guzman, Junitta and Hirschstein, Daniel and Ho, Windy and Hupp, Madison and Jarsky, Tim and Johansen, Nelson and Kalmbach, Brian E. and Keene, Lisa M. and Khawand, Sarah and Kilgore, Mitchell D. and Kirkland, Amanda and Kunst, Michael and Lee, Brian R. and Leytze, Mckaila and Mac Donald, Christine L. and Malone, Jocelin and Maltzer, Zoe and Martin, Naomi and McCue, Rachel and McMillen, Delissa and Mena, Gonzalo and Meyerdierks, Emma and Meyers, Kelly P. and Mollenkopf, Tyler and Montine, Mark and Nolan, Amber L. and Nyhus, Julie K. and Olsen, Paul A. and Pacleb, Maiya and Pagan, Chelsea M. and {Peña}, Nicholas and Pham, Trangthanh and Pom, Christina Alice and Postupna, Nadia and Rimorin, Christine and Ruiz, Augustin and Saldi, Giuseppe A. and Schantz, Aimee M. and Shapovalova, Nadiya V. and Sorensen, Staci A. and Staats, Brian and Sullivan, Matt and Sunkin, Susan M. and Thompson, Carol and Tieu, Michael and Ting, Jonathan T. and Torkelson, Amy and Tran, Tracy and Valera Cuevas, Nasmil J. and Walling-Bell, Sarah and Wang, Ming-Qiang and Waters, Jack and Wilson, Angela M. and Xiao, Ming and Haynor, David and Gatto, Nicole M. and Jayadev, Suman and Mufti, Shoaib and Ng, Lydia and Mukherjee, Shubhabrata and Crane, Paul K. and Latimer, Caitlin S. and Levi, Boaz P. and Smith, Kimberly A. and Close, Jennie L. and Miller, Jeremy A. and Hodge, Rebecca D. and Larson, Eric B. and Grabowski, Thomas J. and Hawrylycz, Michael and Keene, C. Dirk and Lein, Ed S.},
	year = {2024},
	month = {12},
	date = {2024-12},
	journal = {Nature Neuroscience},
	pages = {2366--2383},
	volume = {27},
	number = {12},
	doi = {10.1038/s41593-024-01774-5},
	url = {https://www.nature.com/articles/s41593-024-01774-5},
	note = {Publisher: Nature Publishing Group},
	langid = {en}
}

@article{keren-shaul2017,
	title = {A Unique Microglia Type Associated with Restricting Development of Alzheimer{\textquoteright}s Disease},
	author = {Keren-Shaul, Hadas and Spinrad, Amit and Weiner, Assaf and Matcovitch-Natan, Orit and Dvir-Szternfeld, Raz and Ulland, Tyler K. and David, Eyal and Baruch, Kuti and Lara-Astaiso, David and Toth, Beata and Itzkovitz, Shalev and Colonna, Marco and Schwartz, Michal and Amit, Ido},
	year = {2017},
	month = {06},
	date = {2017-06-15},
	journal = {Cell},
	pages = {1276--1290.e17},
	volume = {169},
	number = {7},
	doi = {10.1016/j.cell.2017.05.018},
	url = {https://www.cell.com/cell/abstract/S0092-8674(17)30578-0},
	note = {Publisher: Elsevier
PMID: 28602351},
	langid = {English}
}

@article{papeo2019,
	title = {The Large-Scale Organization of Gestures and Words in the Middle Temporal Gyrus},
	author = {Papeo, Liuba and Agostini, Beatrice and Lingnau, Angelika},
	year = {2019},
	month = {07},
	date = {2019-07-24},
	journal = {Journal of Neuroscience},
	pages = {5966--5974},
	volume = {39},
	number = {30},
	doi = {10.1523/JNEUROSCI.2668-18.2019},
	url = {https://www.jneurosci.org/content/39/30/5966},
	note = {Publisher: Society for Neuroscience
Section: Research Articles
PMID: 31126999},
	langid = {en}
}

@article{chen2022,
	title = {Spatially resolved transcriptomics reveals genes associated with the vulnerability of middle temporal gyrus in Alzheimer{\textquoteright}s disease},
	author = {Chen, Shuo and Chang, Yuzhou and Li, Liangping and Acosta, Diana and Li, Yang and Guo, Qi and Wang, Cankun and Turkes, Emir and Morrison, Cody and Julian, Dominic and Hester, Mark E. and Scharre, Douglas W. and Santiskulvong, Chintda and Song, Sarah XueYing and Plummer, Jasmine T. and Serrano, Geidy E. and Beach, Thomas G. and Duff, Karen E. and Ma, Qin and Fu, Hongjun},
	year = {2022},
	month = {12},
	date = {2022-12-21},
	journal = {Acta Neuropathologica Communications},
	pages = {188},
	volume = {10},
	number = {1},
	doi = {10.1186/s40478-022-01494-6},
	url = {https://doi.org/10.1186/s40478-022-01494-6},
	langid = {en}
}
